@online{Hall_2021a,
    title           = {Types of Wind Tunnels},
    editor          = {Nancy Hall},
    url             = {https://www.grc.nasa.gov/WWW/k-12/airplane/tuntype.html},
    organization    = {NASA},
    date            = {2021-05-13},
    urldate         = {2024-01-30}
}
@online{Hall_2021b,
    title           = {Wind Tunnel Parts},
    editor          = {Nancy Hall},
    url             = {https://www.grc.nasa.gov/www/k-12/airplane/tunpart.html},
    organization    = {NASA},
    date            = {2021-05-13},
    urldate         = {2024-01-30}
}
@online{Hall_2023,
    title           = {Pitot – Static Tube – Speedometer},
    editor          = {Nancy Hall},
    url             = {https://www1.grc.nasa.gov/beginners-guide-to-aeronautics/pitot-static-tube-speedometer/},
    organization    = {NASA},
    date            = {2023-08-08},
    urldate         = {2024-01-30}
}
@online{Khan_Academy,
    title           = {What is Bernoulli's equation?},
    url             = {https://www.khanacademy.org/science/physics/fluids/fluid-dynamics/a/what-is-bernoullis-equation},
    organization    = {Khan Academy},
    urldate         = {2024-01-30}
} 